<record><leader>00000cas a22000007a 4500</leader><controlfield tag="001">12290806</controlfield><controlfield tag="008">850722d18861889njudn ne      0    0eng d</controlfield><datafield ind1=" " ind2=" " tag="010"><subfield code="a">sn 85035892 </subfield></datafield><datafield ind1=" " ind2=" " tag="040"><subfield code="a">NPA</subfield><subfield code="b">eng</subfield><subfield code="c">NPA</subfield><subfield code="d">NJW</subfield><subfield code="d">OCLCQ</subfield></datafield><datafield ind1=" " ind2=" " tag="042"><subfield code="a">msc</subfield></datafield><datafield ind1="0" ind2="4" tag="245"><subfield code="a">The Paterson morning call.</subfield></datafield><datafield ind1=" " ind2=" " tag="260"><subfield code="a">Paterson, N.J. :</subfield><subfield code="b">E.B. Haines,</subfield><subfield code="c">1886-1889.</subfield></datafield><datafield ind1=" " ind2=" " tag="300"><subfield code="a">v. :</subfield><subfield code="b">ill.</subfield></datafield><datafield ind1=" " ind2=" " tag="310"><subfield code="a">Daily (except Sun.)</subfield></datafield><datafield ind1="0" ind2=" " tag="362"><subfield code="a">Vol. 2, no. 76 (Mar. 30, 1886)-v. 14, no. 23 (Jan. 26, 1889).</subfield></datafield><datafield ind1=" " ind2=" " tag="530"><subfield code="a">Also issued on microfilm by the Micro Photo Div., Bell &amp; Howell.</subfield></datafield><datafield ind1=" " ind2=" " tag="580"><subfield code="a">Also issued in a Sunday ed. called: Sunday call (Paterson, N.J. : 1885), Mar.-Apr. 1886; Paterson Sunday call, Apr. 1886-1889.</subfield></datafield><datafield ind1=" " ind2=" " tag="752"><subfield code="a">United States</subfield><subfield code="b">New Jersey</subfield><subfield code="c">Passaic</subfield><subfield code="d">Paterson.</subfield></datafield><datafield ind1="1" ind2=" " tag="775"><subfield code="a">Sunday call (Paterson, N.J. : 1885)</subfield><subfield code="w">(DLC)sn 88071421</subfield></datafield><datafield ind1="0" ind2=" " tag="775"><subfield code="t">Paterson weekly call</subfield></datafield><datafield ind1="0" ind2=" " tag="775"><subfield code="t">Paterson Sunday call</subfield><subfield code="w">(DLC)sn 88071422</subfield></datafield><datafield ind1="0" ind2="0" tag="780"><subfield code="t">Morning call (Paterson, N.J. : 1885)</subfield><subfield code="w">(DLC)sn 85035891</subfield><subfield code="w">(OCoLC)12290787</subfield></datafield><datafield ind1="0" ind2="0" tag="785"><subfield code="t">Morning call (Paterson, N.J. : 1889)</subfield><subfield code="w">(DLC)sn 84020522</subfield><subfield code="w">(OCoLC)11013679</subfield></datafield></record>